<collection xmlns="http://www.loc.gov/MARC21/slim">
<record>
  <leader>01574nam0a2200277 i 450 </leader>
  <controlfield tag="001">IT\ICCU\CNCE\001819</controlfield>
  <controlfield tag="005">20060516000000.0</controlfield>
  <datafield tag="012" ind1=" " ind2=" ">
    <subfield code="a">u-si n.i. a-lo geto (3) 1589 (A)</subfield>
    <subfield code="2">fei</subfield>
  </datafield>
  <datafield tag="100" ind1=" " ind2=" ">
    <subfield code="a">19970101d1589        0itac0103    ba</subfield>
  </datafield>
  <datafield tag="101" ind1=" " ind2=" ">
    <subfield code="a">ITA</subfield>
  </datafield>
  <datafield tag="102" ind1=" " ind2=" ">
    <subfield code="a">IT</subfield>
  </datafield>
  <datafield tag="200" ind1="1" ind2=" ">
    <subfield code="a">℗L&apos;℗historia della traslatione della s. casa della Madonna a Loreto. Gi ̉scritta a Clemente VII pont. mass. da m. Girolamo Angelita, e tradotta in lingua volgare da Giulio Cesare Galeotti d&apos;Ascisi. Con aggiunta d&apos;alcuni notabili successi, e miracoli auenuti in esso santo luogo di Loreto dal pontificato di Clemente VII sin&apos;a gl&apos;anni di n.s. papa Sisto V Raccolta dal reu. don Vittorio Briganti anconetano beneficiato della chiesa di Loreto ...</subfield>
  </datafield>
  <datafield tag="210" ind1=" " ind2=" ">
    <subfield code="a">A Fermo</subfield>
    <subfield code="c">presso Sertorio de Monti</subfield>
    <subfield code="c">ad istanza di Claudio Sabini libraro nella citt ̉di Loreto</subfield>
    <subfield code="d">1589</subfield>
  </datafield>
  <datafield tag="215" ind1=" " ind2=" ">
    <subfield code="a">235, \4! p.</subfield>
    <subfield code="d">12ʻ</subfield>
  </datafield>
  <datafield tag="620" ind1=" " ind2=" ">
    <subfield code="a">IT</subfield>
    <subfield code="d">Fermo</subfield>
  </datafield>
  <datafield tag="700" ind1=" " ind2="1">
    <subfield code="a">Angelita,</subfield>
    <subfield code="b">Girolamo</subfield>
    <subfield code="3">IT\ICCU\CNCA\000722</subfield>
  </datafield>
  <datafield tag="702" ind1=" " ind2="1">
    <subfield code="a">Briganti,</subfield>
    <subfield code="b">Vittorio</subfield>
    <subfield code="3">IT\ICCU\CNCA\026466</subfield>
  </datafield>
  <datafield tag="702" ind1=" " ind2="1">
    <subfield code="a">Galeotti,</subfield>
    <subfield code="b">Giulio Cesare</subfield>
    <subfield code="3">IT\ICCU\CNCA\000186</subfield>
  </datafield>
  <datafield tag="712" ind1="0" ind2="0">
    <subfield code="a">Monti, Sertorio</subfield>
    <subfield code="3">IT\ICCU\CNCT\000618</subfield>
    <subfield code="4">650</subfield>
  </datafield>
  <datafield tag="712" ind1="0" ind2="0">
    <subfield code="a">Sabini, Claudio</subfield>
    <subfield code="3">IT\ICCU\CNCT\000617</subfield>
    <subfield code="4">650</subfield>
  </datafield>
  <datafield tag="790" ind1=" " ind2="1">
    <subfield code="a">Angelitta,</subfield>
    <subfield code="b">Girolamo</subfield>
    <subfield code="3">IT\ICCU\CNCA\012651</subfield>
    <subfield code="z">Angelita, Girolamo</subfield>
  </datafield>
  <datafield tag="790" ind1=" " ind2="1">
    <subfield code="a">Galeottus,</subfield>
    <subfield code="b">Iulius Caesar</subfield>
    <subfield code="3">IT\ICCU\CNCA\019376</subfield>
    <subfield code="z">Galeotti, Giulio Cesare</subfield>
  </datafield>
  <datafield tag="791" ind1="0" ind2="0">
    <subfield code="a">Montibus, Sertorius de</subfield>
    <subfield code="3">IT\ICCU\CNCT\002375</subfield>
    <subfield code="z">Monti, Sertorio</subfield>
  </datafield>
  <datafield tag="791" ind1="0" ind2="0">
    <subfield code="a">De_Monti, Sertorio</subfield>
    <subfield code="3">IT\ICCU\CNCT\002376</subfield>
    <subfield code="z">Monti, Sertorio</subfield>
  </datafield>
  <datafield tag="801" ind1=" " ind2="3">
    <subfield code="a">IT</subfield>
    <subfield code="b">ICCU</subfield>
    <subfield code="c">20201113</subfield>
  </datafield>
  <datafield tag="899" ind1=" " ind2=" ">
    <subfield code="a">Biblioteca statale. Cremona</subfield>
    <subfield code="1">CR0062</subfield>
    <subfield code="2">LO1 28</subfield>
  </datafield>
</record>
</collection>
